@DocuShare{DMTN-102,
  author = {M.L.~Graham and E.~Bellm and L.~Guy and C.T.~Slater and G.~Dubois-Felsmann and the Data Management System Science Team},
   title = "{LSST Alerts: Key Numbers}",
    year = 2019,
   month = feb,
  handle = {DMTN-102},
    note = {LSST Data Management Technical Note},
     url = {https://dmtn-102.lsst.io},
}
@DocuShare{LDM-682,
  author = {Eric Bellm and co-authors},
   title = "{Call for Letters of Intent for Community Alert Brokers}",
    year = 2019,
   month = feb,
  handle = {LDM-682}
}
